@article{GLAZKOV2023104501,
title = {Skin microvascular reactivity in patients with diabetic retinopathy},
journal = {Microvascular Research},
volume = {147},
pages = {104501},
year = {2023},
issn = {0026-2862},
doi = {https://doi.org/10.1016/j.mvr.2023.104501},
url = {https://www.sciencedirect.com/science/article/pii/S0026286223000274},
author = {Alexey A. Glazkov and Ksenia A. Krasulina and Polina A. Glazkova and Yulia A. Kovaleva and Julia N. Bardeeva and Dmitry A. Kulikov},
keywords = {Type 1 diabetes mellitus, Diabetic retinopathy, Skin, Microcirculation, Laser-Doppler flowmetry}
